@article{martins_2001,
	title={A Multithreaded Parallel Implementation Of A Dynamic Programming Algorithm For Sequence Comparison},
	volume={6},
	url={http://wwwmayr.in.tum.de/lehre/2007ss/cb/reading/martins01.pdf}, DOI={10.1142/9789814447362_0031}, journal={Pacific Symposium on Biocomputing}, author={Martins, W. S. and Cuvillo, J. B. Del and Useche, F. J. and Theobald, K. B. and Gao, G. R.},
	year={2001},
	pages={311–322}}

@article{nirmala_2012,
	title={A Modified Dynamic Parallel Algorithm for Sequence Alignment in BioSequences}, 
	volume={60}, 	url={http://citeseerx.ist.psu.edu/viewdoc/download?doi=10.1.1.303.3050&rep=rep1&type=pdf}, 
	journal={International Journal of Computer Applications}, 
	pages={5-10},
	author={S. Nirmala Devi, S.P. Rajagopalan, PhD.},
	year={2012}}

@article{seguel_2011,
	title={Paralellization of Needleman-Wunsch String Alignment Method}, 
 	volume={1},
 	url={http://www.worldcomp-proceedings.com/proc/p2011/BIC5034.pdf}, 
 	journal={BIOCOMP},
 	pages={239-244},
	author={Jaime Seguel, Carlos Torres}, 
	year={2011}}

@article{zhang_2004, 
	title={Parallel divide and conquer bio-sequence comparison based on Smith-Waterman algorithm}, 
	volume={47}, 
	DOI={10.1360/02yf0362}, 
	number={2}, 
	journal={Science in China Series F-Information Sciences}, 
	author={Zhang, F. and Qiao, XZ and Liu, ZY}, 
	year={2004}, 
	pages={221–231}}

@article{smith_waterman_1981, title={Identification of common molecular subsequences}, volume={147}, url={http://dornsife.usc.edu/assets/sites/516/docs/papers/msw_papers/msw-042.pdf}, DOI={10.1016/0022-2836(81)90087-5}, number={1}, journal={Journal of Molecular Biology}, author={Smith, T. F. and Waterman, M. S.}, year={1981}, pages={195–197}}

